%% This BibTeX bibliography file was created using BibDesk.
%% http://bibdesk.sourceforge.net/

%% Created for Tsai, Yun-Tse at 2016-05-24 00:21:09 -0700 


%% Saved with string encoding Unicode (UTF-8) 



@article{DocDB5520,
	Author = {Ryan Grosso},
	Date-Added = {2016-05-24 07:19:59 +0000},
	Date-Modified = {2016-05-24 07:21:07 +0000},
	Journal = {MicroBooNE Document 5520},
	Keywords = {NC Pi0; Pi0},
	Title = {Study Towards an Event Selection for Neutral Current Inclusive Single Pi0 Production in MicroBooNE},
	Year = {2016},
	Bdsk-Url-1 = {http://microboone-docdb.fnal.gov:8080/cgi-bin/ShowDocument?docid=5520}}

@article{DocDB5814,
	Author = {Yun-Tse Tsai},
	Date-Added = {2016-05-24 07:16:25 +0000},
	Date-Modified = {2016-05-24 07:17:15 +0000},
	Journal = {MicroBooNE Document 5814},
	Keywords = {Shower Reconstruction; Energy Calibration},
	Title = {Shower Reconstruction: Energy Deficit},
	Year = {2016},
	Bdsk-Url-1 = {http://microboone-docdb.fnal.gov:8080/cgi-bin/ShowDocument?docid=5814}}

@article{DocDB5828,
	Author = {J. S. Marshall, A. S. T. Blake, M. A. Thomson, L. Escudero, J. de Vries, J. Weston},
	Date-Added = {2016-05-23 21:08:50 +0000},
	Date-Modified = {2016-05-23 21:10:13 +0000},
	Journal = {MicroBooNE Document 5828},
	Keywords = {Pandora; Reconstruction},
	Title = {The Pandora multi-algorithm approach to automated pattern recognition in LAr TPC detectors},
	Year = {2016},
	Bdsk-Url-1 = {http://microboone-docdb.fnal.gov:8080/cgi-bin/ShowDocument?docid=5828}}

@article{DocDB5809,
	Author = {David Caratelli},
	Date-Added = {2016-05-23 20:23:34 +0000},
	Date-Modified = {2016-05-23 20:24:29 +0000},
	Journal = {MicroBooNE Document 5809},
	Keywords = {Energy Calibration; Shower Reconstruction},
	Title = {Energy Calibration for Golden Pi0},
	Year = {2016},
	Bdsk-Url-1 = {http://microboone-docdb.fnal.gov:8080/cgi-bin/ShowDocument?docid=5809}}

@article{DocDB5099,
	Author = {Rui An, David Caratelli, Raquel Castillo Fernandez, Elena Gramellini, Ariana Hackenburg, Jeremy Hewes, David Kaleko, Matthais Luethi, Xiao Luo, Robert Murrells, Kazuhiro Terao, Yun-Tse Tsai},
	Date-Added = {2016-05-22 23:27:21 +0000},
	Date-Modified = {2016-05-22 23:29:32 +0000},
	Journal = {MicroBooNE Document 5099},
	Keywords = {Shower Reconstruction},
	Title = {Workshop Subgroup Report},
	Year = {2015},
	Bdsk-Url-1 = {http://microboone-docdb.fnal.gov:8080/cgi-bin/ShowDocument?docid=5099}}

@article{DocDB3771,
	Author = {Kazuhiro Terao},
	Date-Added = {2016-05-22 23:01:53 +0000},
	Date-Modified = {2016-05-22 23:11:06 +0000},
	Journal = {MicroBooNE Document 3771},
	Keywords = {Shower Reconstruction; Reconstruction; MicroBooNE},
	Title = {Shower Reco Update},
	Year = {2014},
	Bdsk-Url-1 = {http://microboone-docdb.fnal.gov:8080/cgi-bin/ShowDocument?docid=3771}}
